@book{seaStructure,
	title={海洋工程结构动力学},
	author = {唐友刚},
	editor = {沈国光 and 刘利琴},
	year = {2008},
	publisher = {天津大学出版社},
}
@book{physics,
	title={新概念物理教程},
	author={赵凯华},
	year = {2004},
	publisher={高等教育出版社},
}
@book{mathmodel,
	title={数学模型（第四版）},
	author = {姜启源 and 谢金星},
	year = {2011},
	publisher={高等教育出版社},
}

@article{floatmodel,
	title={海洋资料浮标水动力分析及结构研究},
	author = {唐歆},
	year = {2012},
	publisher = {上海海洋大学},
}